<record><leader>00000cas a22000007a 4500</leader><controlfield tag="001">8719852</controlfield><controlfield tag="008">820825d18441844dcuwr ne      0    0eng d</controlfield><datafield ind1=" " ind2=" " tag="010"><subfield code="a">sn 92056998 </subfield><subfield code="z">   92056998 </subfield></datafield><datafield ind1=" " ind2=" " tag="040"><subfield code="a">NY</subfield><subfield code="b">eng</subfield><subfield code="c">DGW</subfield><subfield code="d">DGW</subfield><subfield code="d">NPX</subfield><subfield code="d">MGN</subfield><subfield code="d">DLC</subfield><subfield code="d">DCN</subfield><subfield code="d">OCL</subfield><subfield code="d">DCN</subfield><subfield code="d">OCLCO</subfield></datafield><datafield ind1=" " ind2=" " tag="042"><subfield code="a">msc</subfield></datafield><datafield ind1=" " ind2=" " tag="043"><subfield code="a">n-us-dc</subfield></datafield><datafield ind1=" " ind2=" " tag="090"><subfield code="a">JK2260</subfield><subfield code="b">.Y62</subfield></datafield><datafield ind1="0" ind2=" " tag="130"><subfield code="a">Young Hickory (Washington, D.C.)</subfield></datafield><datafield ind1="0" ind2="0" tag="245"><subfield code="a">Young Hickory.</subfield></datafield><datafield ind1=" " ind2=" " tag="260"><subfield code="a">Washington, D.C. :</subfield><subfield code="b">J. Heart,</subfield></datafield><datafield ind1=" " ind2=" " tag="300"><subfield code="a">v.</subfield></datafield><datafield ind1=" " ind2=" " tag="310"><subfield code="a">Weekly</subfield></datafield><datafield ind1="0" ind2=" " tag="362"><subfield code="a">Vol. 1, no. 1 (June 15, 1844)-v. 1, no. [27] (Dec. 14, 1844).</subfield></datafield><datafield ind1=" " ind2=" " tag="500"><subfield code="a">Publisher: Harris &amp; Heart.</subfield></datafield><datafield ind1=" " ind2=" " tag="500"><subfield code="a">Campaign paper of the Democratic Party.</subfield></datafield><datafield ind1=" " ind2="0" tag="651"><subfield code="a">Washington (D.C.)</subfield><subfield code="v">Newspapers.</subfield></datafield><datafield ind1=" " ind2="0" tag="650"><subfield code="a">Presidential candidates</subfield><subfield code="z">United States</subfield><subfield code="v">Newspapers.</subfield></datafield><datafield ind1=" " ind2="0" tag="650"><subfield code="a">Campaign literature, 1844</subfield><subfield code="v">Newspapers.</subfield></datafield><datafield ind1="2" ind2="0" tag="610"><subfield code="a">Democratic Party (U.S.)</subfield><subfield code="v">Newspapers.</subfield></datafield><datafield ind1="2" ind2=" " tag="710"><subfield code="a">Democratic Party (D.C.)</subfield></datafield><datafield ind1=" " ind2=" " tag="752"><subfield code="a">United States</subfield><subfield code="b">District of Columbia</subfield><subfield code="d">Washington.</subfield></datafield><datafield ind1="0" ind2="0" tag="780"><subfield code="t">Spectator (Washington, D.C. : 1842)</subfield><subfield code="w">(DLC)sn 82014762</subfield></datafield></record>